@incollection{otto2018regulation,
  author    = {Otto, Marta},
  booktitle = {International and European Labour Law},
  doi       = {10.5771/9783845266190-974},
  pages     = {958-981},
  publisher = {Nomos Verlagsgesellschaft mbH \& Co. KG},
  title     = {{Regulation (EU) 2016/679 on the protection of natural persons with regard to the processing of
               personal data and on the free movement of such data (General Data Protection Regulation – GDPR)}},
  url       = {https://www.nomos-elibrary.de/index.php?doi=10.5771/9783845266190-974},
  volume    = {2014},
  year      = {2018}
}

@misc{turkiye2016title,
  author = {{Türkiye Büyük Millet Meclisi}},
  title  = {6698 sayılı Kişisel Verileri Koruma Kanunu},
  note   = {\url{https://www.mevzuat.gov.tr/MevzuatMetin/1.5.6698.pdf}},
  year   = {2016}
}

@article{trstenjak2014knn,
  author    = {Trstenjak, Bruno and Mikac, Sasa and Donko, Dzenana},
  doi       = {10.1016/j.proeng.2014.03.129},
  issn      = {18777058},
  journal   = {Procedia Engineering},
  keywords  = {Framework,K-nearest neighbor,Machine learning,TF-IDF,Text documents classification},
  pages     = {1356--1364},
  publisher = {Elsevier B.V.},
  title     = {{KNN with TF-IDF based Framework for Text Categorization}},
  url       = {http://dx.doi.org/10.1016/j.proeng.2014.03.129
               https://linkinghub.elsevier.com/retrieve/pii/S1877705814003750},
  volume    = {69},
  year      = {2014}
}

@article{jones2004idf,
  author   = {{Sp{\"{a}}rck Jones}, Karen},
  doi      = {10.1108/00220410410560591},
  issn     = {0022-0418},
  journal  = {Journal of Documentation},
  keywords = {Information research,Information retrieval,Information science and documentation},
  month    = {oct},
  number   = {5},
  pages    = {521--523},
  title    = {{IDF term weighting and IR research lessons}},
  url      = {https://www.emerald.com/insight/content/doi/10.1108/00220410410560591/full/html},
  volume   = {60},
  year     = {2004}
}

@inproceedings{csahin2017turkish,
  author    = {SahIn, Gurkan},
  booktitle = {2017 25th Signal Processing and Communications Applications Conference (SIU)},
  doi       = {10.1109/SIU.2017.7960552},
  isbn      = {978-1-5090-6494-6},
  keywords  = {SVM,document categorization,word2vec},
  month     = {may},
  pages     = {1--4},
  publisher = {IEEE},
  title     = {{Turkish document classification based on Word2Vec and SVM classifier}},
  url       = {http://ieeexplore.ieee.org/document/7960552/},
  year      = {2017}
}

@inproceedings{han2000centroid,
  title        = {Centroid-based document classification: Analysis and experimental results},
  author       = {Han, Eui-Hong Sam and Karypis, George},
  booktitle    = {European conference on principles of data mining and knowledge discovery},
  pages        = {424--431},
  year         = {2000},
  organization = {Springer}
}

@article{yoo2015classification,
  title   = {Classification scheme of unstructured text document using TF-IDF and naive bayes classifier},
  author  = {Yoo, Jong-Yeol and Yang, Dongmin},
  journal = {Advanced Science and Technology Letters},
  volume  = {111},
  number  = {50},
  pages   = {263-266},
  year    = {2015}
}

@inproceedings{harley2015evaluation,
  title        = {Evaluation of deep convolutional nets for document image classification and retrieval},
  author       = {Harley, Adam W and Ufkes, Alex and Derpanis, Konstantinos G},
  booktitle    = {2015 13th International Conference on Document Analysis and Recognition (ICDAR)},
  pages        = {991--995},
  year         = {2015},
  organization = {IEEE}
}

@inproceedings{kang2014convolutional,
  title        = {Convolutional neural networks for document image classification},
  author       = {Kang, Le and Kumar, Jayant and Ye, Peng and Li, Yi and Doermann, David},
  booktitle    = {2014 22nd International Conference on Pattern Recognition},
  pages        = {3168--3172},
  year         = {2014},
  organization = {IEEE}
}

@article{otsu1979threshold,
  title     = {A threshold selection method from gray-level histograms},
  author    = {Otsu, Nobuyuki},
  journal   = {IEEE transactions on systems, man, and cybernetics},
  volume    = {9},
  number    = {1},
  pages     = {62--66},
  year      = {1979},
  publisher = {IEEE}
}

@book{jurafsky2000speech,
  title     = {Speech \& language processing},
  author    = {Jurafsky, Dan},
  year      = {2000},
  publisher = {Pearson Education India}
}

@inproceedings{levenshtein1966binary,
  title     = {Binary codes capable of correcting deletions, insertions, and reversals},
  author    = {Levenshtein, Vladimir I},
  booktitle = {Soviet physics doklady},
  volume    = {10},
  pages     = {707-710},
  year      = {1966}
}
