@article{kinnunen2010overview,
  author  = {Kinnunen, Tomi and Li, Haizhou},
  year    = {2010},
  month   = {Jan.},
  pages   = {12--40},
  title   = {An Overview of Text-Independent Speaker Recognition: from Features to Supervectors},
  volume  = {52},
  journal = {Speech Communication}
}

@article{hadid2015biometrics,
  author  = {A. Hadid and N. Evans and S. Marcel and J. Fierrez},
  journal = {IEEE Signal Processing Magazine},
  title   = {Biometrics Systems Under Spoofing Attack: An evaluation methodology and lessons learned},
  year    = {2015},
  volume  = {32},
  number  = {5},
  pages   = {20--30},
  month   = {Sept.}
}

@article{wu2015spoofing,
  author  = {Wu, Zhizheng and Evans, Nicholas and Kinnunen, Tomi and Yamagishi, Junichi and Alegre, Federico and Li,
             Haizhou},
  year    = {2015},
  month   = {Feb.},
  pages   = {130--153},
  title   = {Spoofing and countermeasures for speaker verification: A survey},
  volume  = {66},
  journal = {Speech Communication}
}

@article{de2012evaluation,
  author  = {P. L. De Leon and M. Pucher and J. Yamagishi and I. Hernaez and I. Saratxaga},
  journal = {IEEE Transactions on Audio, Speech, and Language Processing},
  title   = {Evaluation of Speaker Verification Security and Detection of HMM-Based Synthetic Speech},
  year    = {2012},
  volume  = {20},
  number  = {8},
  pages   = {2280--2290},
  month   = {Oct.}
}

@inproceedings{stylianou2009voice,
  author    = {Y. Stylianou},
  booktitle = {Proc. {ICASSP}},
  title     = {Voice Transformation: A survey},
  year      = {2009},
  pages     = {3585--3588},
  month     = {Apr.}
}

@article{hautamaki2015automatic,
  author  = {Hautamäki, Rosa and Kinnunen, Tomi and Hautamäki, Ville and Laukkanen, Anne-Maria},
  year    = {2015},
  month   = {Sept.},
  pages   = {13--31},
  title   = {Automatic versus Human Speaker Verification: The Case of Voice Mimicry},
  volume  = {72},
  journal = {Speech Communication}
}

@inproceedings{villalba2010speaker,
  author    = {Villalba, Jesús and Lleida, Eduardo},
  year      = {2010},
  pages     = {131--134},
  title     = {Speaker Verification Performance Degradation against Spoofing and Tampering Attacks},
  booktitle = {Proc. {FALA}}
}

@article{kinnunen2017asvspoof,
  title   = {Asvspoof 2017: Automatic speaker verification spoofing and countermeasures challenge evaluation plan},
  author  = {Kinnunen, Tomi and Evans, Nicholas and Yamagishi, Junichi and Lee, Kong Aik and Sahidullah, Md and 
             Todisco, Massimiliano and Delgado, H{\'e}ctor},
  journal = {Training},
  volume  = {10},
  number  = {1508},
  pages   = {1508},
  year    = {2017}
}

@inproceedings{li2017study,
  author    = {Li, Lantian and Chen, Yixiang and Wang, Dong and Zheng, Fang},
  year      = {2017},
  pages     = {92--96},
  title     = {A Study on Replay Attack and Anti-Spoofing for Automatic Speaker Verification},
  booktitle = {Proc. {INTERSPEECH}}
}

@inproceedings{witkowski2017audio,
  title     = {Audio Replay Attack Detection Using High-Frequency Features.},
  author    = {Witkowski, Marcin and Kacprzak, Stanislaw and Zelasko, Piotr and Kowalczyk, Konrad and Galka, Jakub},
  booktitle = {Proc. {INTERSPEECH}},
  pages     = {27--31},
  year      = {2017}
}

@inproceedings{nagarsheth2017replay,
  author    = {Nagarsheth, Parav and Khoury, Elie and Patil, Kailash and Garland, Matt},
  year      = {2017},
  pages     = {97--101},
  title     = {Replay Attack Detection Using DNN for Channel Discrimination},
  booktitle = {Proc. {INTERSPEECH}}
}

@article{davis1980comparison,
  author  = {S. Davis and P. Mermelstein},
  journal = {IEEE Transactions on Acoustics, Speech, and Signal Processing},
  title   = {Comparison of parametric representations for monosyllabic word recognition in continuously spoken
             sentences},
  year    = {1980},
  volume  = {28},
  number  = {4},
  pages   = {357--366},
  month   = {Aug.}
}

@misc{sidekit,
  title        = {An extensible speaker identification {SIDEKIT} in Python},
  howpublished = {\url{http://www-lium.univ-lemans.fr/sidekit/}},
  note         = {Accessed:2016}
}

@inproceedings{muckenhirn2016presentation,
  author    = {H. Muckenhirn and M. Magimai-Doss and S. Marcel},
  booktitle = {Proc. {BIOSIG}},
  title     = {Presentation Attack Detection Using Long-Term Spectral Statistics for Trustworthy Speaker Verification},
  year      = {2016},
  pages     = {1--6},
  month     = {Sept.}
}

@inproceedings{kinnunen2017reddots,
  author    = {T. Kinnunen and M. Sahidullah and M. Falcone and L. Costantini and R. G. Hautamäki and D. Thomsen and
               A. Sarkar and Z. H. Tan and H. Delgado and M. Todisco and N. Evans and V. Hautamäki and K. A. Lee},
  booktitle = {Proc. {ICASSP}},
  title     = {Red{D}ots replayed: A new replay spoofing attack corpus for text-dependent speaker verification
               research},
  year      = {2017},
  pages     = {5395--5399},
  month     = {March}
}

@misc{keras,
  title        = {Keras},
  author       = {Chollet, Fran\c{c}ois and others},
  year         = {2015},
  publisher    = {GitHub},
  howpublished = {\url{https://github.com/keras-team/keras}}
}

@article{srivastava2014dropout,
  author  = {Srivastava, Nitish and Hinton, Geoffrey and Krizhevsky, Alex and Sutskever, Ilya and Salakhutdinov,
             Ruslan},
  year    = {2014},
  month   = {Jan.},
  pages   = {1929--1958},
  title   = {Dropout: A Simple Way to Prevent Neural Networks from Overfitting},
  volume  = {15},
  journal = {Journal of Machine Learning Research}
}

@inproceedings{li2014efficient,
  author    = {Li, Mu and Zhang, Tong and Chen, Yuqiang and J. Smola, Alexander},
  year      = {2014},
  pages     = {661--670},
  title     = {Efficient mini-batch training for stochastic optimization},
  booktitle = {Proc. {KDD}}
}

@inproceedings{kinnunen2017asvspoof1,
  title     = {{T}he {ASV}spoof 2017 challenge: {A}ssessing the limits of replay spoofing attack detection},
  author    = {{K}innunen, {T}omi and  {S}ahidullah, {M}d and  {D}elgado, {H}{\'e}ctor and  {T}odisco, {M}assimiliano
               and  {E}vans,{N}icholas and  {Y}amagishi, {J}unichi and  {L}ee, {K}ong {A}ik},
  booktitle = {Proc. {INTERSPEECH}},
  year      = {2017},
  pages     = {2--6}
}

@inproceedings{martin1997det,
  author    = {Alvin F. Martin and George R. Doddington and Terri Kamm and Mark Ordowski and Mark A. Przybocki},
  title     = {The {DET} curve in assessment of detection task performance},
  booktitle = {Proc. {EUROSPEECH}},
  year      = {1997}
}
