@inproceedings{sahidullah2015comparison,
  title     = {A comparison of features for synthetic speech detection},
  author    = {Sahidullah, Md and Kinnunen, Tomi and Hanil{\c{c}}i, Cemal},
  year      = {2015},
  pages     = {2087--2091},
  booktitle = {Proc. {Interspeech}}
}

@inproceedings{villalba2010speaker,
  title     = {Speaker verification performance degradation against spoofing and tampering attacks},
  author    = {Villalba, Jes{\'u}s and Lleida, Eduardo},
  year      = {2010},
  pages     = {131--134},
  booktitle = {Proc. {FALA}}
}

@inproceedings{ergunay2015vulnerability,
  author    = {Kucur Ergunay, Serife and Khoury, Elie and Lazaridis, Alexandros and Marcel, Sébastien},
  title     = {On the vulnerability of speaker verification to realistic voice spoofing},
  year      = {2015},
  pages     = {1-6},
  booktitle = {Proc. {BTAS}}
}

@article{wu2016study,
  author  = {Wu, Zhizheng and Li, Haizhou},
  title   = {On the study of replay and voice conversion attacks to text-dependent speaker verification},
  year    = {2016},
  month   = {May},
  volume  = {75},
  number  = {9},
  pages   = {5311--5327},
  journal = {Multimedia Tools and Applications}
}

@inproceedings{kinnunen2017asvspoof,
  title     = {The {ASVspoof} 2017 challenge: Assessing the limits of replay spoofing attack detection},
  author    = {Kinnunen, Tomi and Sahidullah, Md and Delgado, H{\'e}ctor and Todisco, Massimiliano and Evans, Nicholas
               and Yamagishi, Junichi and Lee, Kong Aik},
  year      = {2017},
  pages     = {2--6},
  booktitle = {Proc. {Interspeech}}
}

@inproceedings{kinnunen2017reddots,
  title     = {Red{D}ots replayed: A new replay spoofing attack corpus for text-dependent speaker verification
               research},
  author    = {T. Kinnunen and M. Sahidullah and M. Falcone and L. Costantini and R. G. Hautamäki and D. Thomsen and A.
               Sarkar and Z. H. Tan and H. Delgado and M. Todisco and N. Evans and V. Hautamäki and K. A. Lee},
  year      = {2017},
  pages     = {5395--5399},
  booktitle = {Proc. {ICASSP}}
}

@inproceedings{wu2015asvspoof,
  title     = {{ASVspoof} 2015: the first automatic speaker verification spoofing and countermeasures challenge},
  author    = {{W}u, {Z}hizheng and {K}innunen, {T}omi and {E}vans, {N}icholas and {Y}amagishi, {J}unichi and
               {H}anilçi, {C}emal and {S}ahidullah, {M}d. and {S}izov, {A}leksandr},
  year      = {2015},
  pages     = {2037--2041},
  booktitle = {Proc. {Interspeech}}
}

@inproceedings{martin1997det,
  author    = {Alvin F. Martin and George R. Doddington and Terri Kamm and Mark Ordowski and Mark A. Przybocki},
  title     = {The {DET} curve in assessment of detection task performance},
  year      = {1997},
  pages     = {1895--1898},
  booktitle = {Proc. {EUROSPEECH}}
}

@article{davis1980comparison,
  author  = {S. Davis and P. Mermelstein},
  title   = {Comparison of parametric representations for monosyllabic word recognition in continuously spoken
             sentences},
  year    = {1980},
  month   = {Aug.},
  pages   = {357--366},
  journal = {{IEEE} Transactions on Acoustics, Speech, and Signal Processing}
}

@inproceedings{muckenhirn2016presentation,
  author    = {H. Muckenhirn and M. Magimai-Doss and S. Marcel},
  title     = {Presentation Attack Detection Using Long-Term Spectral Statistics for Trustworthy Speaker Verification},
  year      = {2016},
  pages     = {1--6},
  booktitle = {Proc. {BIOSIG}}
}

@inproceedings{li2014efficient,
  author    = {Li, Mu and Zhang, Tong and Chen, Yuqiang and J. Smola, Alexander},
  title     = {Efficient mini-batch training for stochastic optimization},
  year      = {2014},
  pages     = {661--670},
  booktitle = {Proc. ACM International Conference on Knowledge Discovery and Data Mining}
}

@inproceedings{ioffe2015batch,
  title     = {Batch normalization: Accelerating deep network training by reducing internal covariate shift},
  author    = {Ioffe, Sergey and Szegedy, Christian},
  year      = {2015},
  pages     = {448--456},
  booktitle = {Proc. International Conference on Machine Learning}
}

@article{srivastava2014dropout,
  author  = {Srivastava, Nitish and Hinton, Geoffrey and Krizhevsky, Alex and Sutskever, Ilya and Salakhutdinov,
             Ruslan},
  title   = {Dropout: A Simple Way to Prevent Neural Networks from Overfitting},
  year    = {2014},
  month   = {Jun.},
  pages   = {1929--1958},
  journal = {Journal of Machine Learning Research}
} 

@inproceedings{delgado2018asvspoof,
  title     = {ASVspoof 2017 Version 2.0: meta-data analysis and baseline enhancements},
  author    = {Delgado, H{\'e}ctor and Todisco, Massimiliano and Sahidullah, Md and Evans, Nicholas and Kinnunen, Tomi
               and Lee, Kong Aik and Yamagishi, Junichi},
  year      = {2018},
  pages     = {296--303},
  booktitle = {Proc. Odyssey}
}

@inproceedings{nagarsheth2017replay,
  title     = {Replay Attack Detection Using DNN for Channel Discrimination},
  author    = {Nagarsheth, Parav and Khoury, Elie and Patil, Kailash and Garland, Matt},
  year      = {2017},
  pages     = {97--101},
  booktitle = {Proc. {Interspeech}}
}

@inproceedings{lavrentyeva2017audio,
  author    = {Lavrentyeva, Galina and Novoselov, Sergey and Malykh, Egor and Kozlov, Alexander and Oleg, Kudashev and
               Shchemelinin, Vadim},
  title     = {Audio Replay Attack Detection with Deep Learning Frameworks},
  year      = {2017},
  pages     = {82-86},
  booktitle = {Proc. {Interspeech}}
}

@inproceedings{witkowski2017audio,
  title     = {Audio Replay Attack Detection Using High-Frequency Features},
  author    = {Marcin Witkowski and Stanisław Kacprzak and Piotr Zelasko and Konrad Kowalczyk and Jakub Gałka},
  year      = {2017},
  pages     = {27--31},
  booktitle = {Proc. {Interspeech}}
}

@inproceedings{li2017study,
  title     = {A Study on Replay Attack and Anti-Spoofing for Automatic Speaker Verification},
  author    = {Li, Lantian and Chen, Yixiang and Wang, Dong and Zheng, Fang},
  year      = {2017},
  pages     = {92--96},
  booktitle = {Proc. {Interspeech}}
}

@article{wu2015spoofing,
  title   = {Spoofing and countermeasures for speaker verification: A survey},
  author  = {Wu, Zhizheng and Evans, Nicholas and Kinnunen, Tomi and Yamagishi, Junichi and Alegre, Federico and Li,
             Haizhou},
  pages   = {130--153},
  year    = {2015},
  journal = {Speech Communication}
}

@article{hadid2015biometrics,
  title   = {Biometrics Systems Under Spoofing Attack: An evaluation methodology and lessons learned},
  author  = {A. Hadid and N. Evans and S. Marcel and J. Fierrez},
  year    = {2015},
  month   = {Sept.},
  pages   = {20--30},
  journal = {{IEEE} Signal Processing Magazine}
}

@article{kinnunen2010overview,
  title     = {An overview of text-independent speaker recognition: From features to supervectors},
  author    = {Kinnunen, Tomi and Li, Haizhou},
  year      = {2010},
  pages     = {20-30},
  journal   = {Speech Communication},
  publisher = {Elsevier}
}

@article{de2012evaluation,
  title   = {Evaluation of Speaker Verification Security and Detection of {HMM}-Based Synthetic Speech},
  author  = {P. L. De Leon and M. Pucher and J. Yamagishi and I. Hernaez and I. Saratxaga},
  year    = {2012},
  month   = {Oct.},
  pages   = {2280--2290},
  journal = {{IEEE} Transactions on Audio, Speech, and Language Processing}
}

@inproceedings{stylianou2009voice,
  author    = {Y. Stylianou},
  title     = {Voice Transformation: A survey},
  year      = {2009},
  pages     = {3585--3588},
  booktitle = {Proc. {ICASSP}}
}

@article{hautamaki2015automatic,
  title   = {Automatic versus Human Speaker Verification: The Case of Voice Mimicry},
  author  = {Hautamaki, Rosa and Kinnunen, Tomi and Hautamaki, Ville and Laukkanen, Anne-Maria},
  year    = {2015},
  month   = {Oct.},
  pages   = {13--31},
  journal = {Speech Communication}
}

@inproceedings{alegre2014re,
  title     = {Re-assessing the threat of replay spoofing attacks against automatic speaker verification},
  author    = {Alegre, Federico and Janicki, Artur and Evans, Nicholas},
  pages     = {1--6},
  year      = {2014},
  booktitle = {Proc. {BIOSIG}}
}

@inproceedings{todisco2016new,
  title     = {A new feature for automatic speaker verification anti-spoofing: Constant {Q} cepstral coefficients},
  author    = {Todisco, Massimiliano and Delgado, H{\'e}ctor and Evans, Nicholas},
  year      = {2016},
  pages     = {249--252},
  booktitle = {Proc. {Speaker Odyssey Workshop}}
}

@inproceedings{wu2015sas,
  title     = {{SAS}: A speaker verification spoofing database containing diverse attacks},
  author    = {Z. Wu and A. Khodabakhsh and C. Demiroglu and J. Yamagishi and D. Saito and T. Toda and S. King},
  year      = {2015},
  pages     = {4440-4444},
  booktitle = {Proc. {ICASSP}}
}

@article{muckenhirn2017long,
  author  = {H. Muckenhirn and P. Korshunov and M. Magimai-Doss and S. Marcel},
  journal = {{IEEE/ACM} Transactions on Audio, Speech, and Language Processing},
  title   = {Long-Term Spectral Statistics for Voice Presentation Attack Detection},
  year    = {2017},
  volume  = {25},
  number  = {11},
  pages   = {2098-2111},
  month   = {Nov.}
}
